% --------------------------------------------------
% Longer names
% --------------------------------------------------

%% Journal and magazines
@string{cacm = "Communications of the ACM"}
@string{tocs = "ACM Trans. on Computer Systems (TOCS)"}
@string{tods = "ACM Trans. on Database Systems (TODS)"}
@string{tois = "ACM Trans. on Information Systems (TOIS)"}, 
@string{tkde = "IEEE Trans. on Knowledge and Data Engineering (TKDE)"}
@string{tpds = "IEEE Trans. on Parallel and Distributed Systems (TPDS)"}
@string{acs = "ACM Computing Surveys"}
@string{acmj = "Journal of the ACM"}
@string{deb = "IEEE Data Engineering Bulletin"}
@string{debi = "IEEE Data Engineering Bulletin (invited paper)"}
@string{tse = "IEEE Trans. on Software Engineering"}
@string{vldbj = "VLDB Journal:  The International Journal On Very Large Data Bases"}
@string{sigrec = "SIGMOD Record"}
@string{sciam = "Scientific American" }
@string{queue = "ACM Queue" }
@string{pervasive = "IEEE Pervasive Computing"}
@string{dmkd = "Data Mining and Knowledge Discovery"}
@string{ieeeicstreams = "IEEE Internet Computing. Special Issue on Data Stream Management"}
@string{ieeeic = "IEEE Internet Computing"}

%% Conferences
@string{cidr03 = "Proc. of the First Biennial Conf. on Innovative Data Systems Research (CIDR)"}
@string{cidr05 = "Proc. of the Second Biennial Conf. on Innovative Data Systems Research (CIDR)"}
@string{cidr07 = "Proc. of the Third Biennial Conf. on Innovative Data Systems Research (CIDR)"}
@string{cidr09 = "Proc. of the Fourth Biennial Conf. on Innovative Data Systems Research (CIDR)"}
@string{cidr09p = "Fourth Biennial Conf. on Innovative Data Systems Research (CIDR) -- Perspectives"}
@string{cidr11 = "Proc. of the Fifth Biennial Conf. on Innovative Data Systems Research (CIDR)"}
@string{cidr13 = "Proc. of the Sixth Biennial Conf. on Innovative Data Systems Research (CIDR)"}
@string{cidr15 = "Proc. of the Seventh Biennial Conf. on Innovative Data Systems Research (CIDR)"}

@string{icde99 = "Proc. of the 15th Int. Conf. on Data Engineering (ICDE)"}
@string{icde00 = "Proc. of the 16th Int. Conf. on Data Engineering (ICDE)"}
@string{icde01 = "Proc. of the 17th Int. Conf. on Data Engineering (ICDE)"}
@string{icde02 = "Proc. of the 18th Int. Conf. on Data Engineering (ICDE)"}
@string{icde03 = "Proc. of the 19th Int. Conf. on Data Engineering (ICDE)"}
@string{icde04 = "Proc. of the 20th Int. Conf. on Data Engineering (ICDE)"}
@string{icde05 = "Proc. of the 21st Int. Conf. on Data Engineering (ICDE)"}
@string{icde06 = "Proc. of the 22nd Int. Conf. on Data Engineering (ICDE)"}
@string{icde07 = "Proc. of the 23rd Int. Conf. on Data Engineering (ICDE)"}
@string{icde08 = "Proc. of the 24th Int. Conf. on Data Engineering (ICDE)"}
@string{icde09 = "Proc. of the 25th Int. Conf. on Data Engineering (ICDE)"}
@string{icde10 = "Proc. of the 26th Int. Conf. on Data Engineering (ICDE)"}
@string{icde11 = "Proc. of the 27th Int. Conf. on Data Engineering (ICDE)"}
@string{icde12 = "Proc. of the 28th Int. Conf. on Data Engineering (ICDE)"}
@string{icde13 = "Proc. of the 29th Int. Conf. on Data Engineering (ICDE)"}
@string{icde14 = "Proc. of the 30th Int. Conf. on Data Engineering (ICDE)"}

@string{sigmod85 = "SIGMOD'85: Proc. of the ACM SIGMOD Int. Conf. on Management of Data"}
@string{sigmod90 = "SIGMOD'90: Proc. of the ACM SIGMOD Int. Conf. on Management of Data"}
@string{sigmod91 = "SIGMOD'91: Proc. of the ACM SIGMOD Int. Conf. on Management of Data"}
@string{sigmod92 = "SIGMOD'92: Proc. of the ACM SIGMOD Int. Conf. on Management of Data"}
@string{sigmod93 = "SIGMOD'93: Proc. of the ACM SIGMOD Int. Conf. on Management of Data"}
@string{sigmod94 = "SIGMOD'94: Proc. of the ACM SIGMOD Int. Conf. on Management of Data"}
@string{sigmod95 = "SIGMOD'95: Proc. of the ACM SIGMOD Int. Conf. on Management of Data"}
@string{sigmod96 = "SIGMOD'96: Proc. of the ACM SIGMOD Int. Conf. on Management of Data"}
@string{sigmod97 = "SIGMOD'97: Proc. of the ACM SIGMOD Int. Conf. on Management of Data"}
@string{sigmod98 = "SIGMOD'98: Proc. of the ACM SIGMOD Int. Conf. on Management of Data"}
@string{sigmod99 = "SIGMOD'99: Proc. of the ACM SIGMOD Int. Conf. on Management of Data"}
@string{sigmod00 = "SIGMOD'00: Proc. of the ACM SIGMOD Int. Conf. on Management of Data"}
@string{sigmod01 = "SIGMOD'01: Proc. of the ACM SIGMOD Int. Conf. on Management of Data"}
@string{sigmod02 = "SIGMOD'02: Proc. of the ACM SIGMOD Int. Conf. on Management of Data"}
@string{sigmod03 = "SIGMOD'03: Proc. of the ACM SIGMOD Int. Conf. on Management of Data"}
@string{sigmod04 = "SIGMOD'04: Proc. of the ACM SIGMOD Int. Conf. on Management of Data"}
@string{sigmod05 = "SIGMOD'05: Proc. of the ACM SIGMOD Int. Conf. on Management of Data"}
@string{sigmod06 = "SIGMOD'06: Proc. of the ACM SIGMOD Int. Conf. on Management of Data"}
@string{sigmod07 = "SIGMOD'07: Proc. of the ACM SIGMOD Int. Conf. on Management of Data"}
@string{sigmod08 = "SIGMOD'08: Proc. of the ACM SIGMOD Int. Conf. on Management of Data"}
@string{sigmod09 = "SIGMOD'09: Proc. of the ACM SIGMOD Int. Conf. on Management of Data"}
@string{sigmod10 = "SIGMOD'10: Proc. of the ACM SIGMOD Int. Conf. on Management of Data"}
@string{sigmod11 = "SIGMOD'11: Proc. of the ACM SIGMOD Int. Conf. on Management of Data"}
@string{sigmod12 = "SIGMOD'12: Proc. of the ACM SIGMOD Int. Conf. on Management of Data"}
@string{sigmod13 = "SIGMOD'13: Proc. of the ACM SIGMOD Int. Conf. on Management of Data"}
@string{sigmod14 = "SIGMOD'14: Proc. of the ACM SIGMOD Int. Conf. on Management of Data"}
@string{sigmod16 = "SIGMOD'16: Proc. of the ACM SIGMOD Int. Conf. on Management of Data"}

@string{pods95 = "Proc. of the 14th ACM Symp. on Principles of Database Systems (PODS)"}
@string{pods96 = "Proc. of the 15th ACM Symp. on Principles of Database Systems (PODS)"}
@string{pods97 = "Proc. of the 16th ACM Symp. on Principles of Database Systems (PODS)"}
@string{pods98 = "Proc. of the 17th ACM Symp. on Principles of Database Systems (PODS)"}
@string{pods99 = "Proc. of the 18th ACM Symp. on Principles of Database Systems (PODS)"}
@string{pods00 = "Proc. of the 19th ACM Symp. on Principles of Database Systems (PODS)"}
@string{pods01 = "Proc. of the 20th ACM Symp. on Principles of Database Systems (PODS)"}
@string{pods02 = "Proc. of the 21st ACM Symp. on Principles of Database Systems (PODS)"}
@string{pods03 = "Proc. of the 22nd ACM Symp. on Principles of Database Systems (PODS)"}
@string{pods04 = "Proc. of the 23rd ACM Symp. on Principles of Database Systems (PODS)"}
@string{pods05 = "Proc. of the 24th ACM Symp. on Principles of Database Systems (PODS)"}
@string{pods06 = "Proc. of the 25th ACM Symp. on Principles of Database Systems (PODS)"}
@string{pods07 = "Proc. of the 26th ACM Symp. on Principles of Database Systems (PODS)"}

@string{vldb86 = "Proc. of the 12th Int. Conf. on Very Large DataBases (VLDB)"}
@string{vldb87 = "Proc. of the 13th Int. Conf. on Very Large DataBases (VLDB)"}
@string{vldb88 = "Proc. of the 14th Int. Conf. on Very Large DataBases (VLDB)"}
@string{vldb89 = "Proc. of the 15th Int. Conf. on Very Large DataBases (VLDB)"}
@string{vldb90 = "Proc. of the 16th Int. Conf. on Very Large DataBases (VLDB)"}
@string{vldb91 = "Proc. of the 17th Int. Conf. on Very Large DataBases (VLDB)"}
@string{vldb92 = "Proc. of the 18th Int. Conf. on Very Large DataBases (VLDB)"}
@string{vldb93 = "Proc. of the 19th Int. Conf. on Very Large DataBases (VLDB)"}
@string{vldb94 = "Proc. of the 20th Int. Conf. on Very Large DataBases (VLDB)"}
@string{vldb95 = "Proc. of the 21st Int. Conf. on Very Large DataBases (VLDB)"}
@string{vldb96 = "Proc. of the 22nd Int. Conf. on Very Large DataBases (VLDB)"}
@string{vldb97 = "Proc. of the 23rd Int. Conf. on Very Large DataBases (VLDB)"}
@string{vldb98 = "Proc. of the 24th Int. Conf. on Very Large DataBases (VLDB)"}
@string{vldb99 = "Proc. of the 25nd Int. Conf. on Very Large DataBases (VLDB)"}
@string{vldb00 = "Proc. of the 26th Int. Conf. on Very Large DataBases (VLDB)"}
@string{vldb01 = "Proc. of the 27th Int. Conf. on Very Large DataBases (VLDB)"}
@string{vldb02 = "Proc. of the 28th Int. Conf. on Very Large DataBases (VLDB)"}
@string{vldb03 = "Proc. of the 29th Int. Conf. on Very Large DataBases (VLDB)"}
@string{vldb04 = "Proc. of the 30th Int. Conf. on Very Large DataBases (VLDB)"}
@string{vldb05 = "Proc. of the 31st Int. Conf. on Very Large DataBases (VLDB)"}
@string{vldb06 = "Proc. of the 32nd Int. Conf. on Very Large DataBases (VLDB)"}
@string{vldb07 = "Proc. of the 33rd Int. Conf. on Very Large DataBases (VLDB)"}
@string{vldb08 = "Proc. of the 34th Int. Conf. on Very Large DataBases (VLDB)"}
@string{vldb09 = "Proc. of the 35th Int. Conf. on Very Large DataBases (VLDB)"}
@string{vldb10 = "Proc. of the 36th Int. Conf. on Very Large DataBases (VLDB)"}

@string{pvldb = "Proc. of the VLDB Endowment"}

@string{pervasive04 = "Proc. of the 2nd Int. Conf. on Pervasive Computing (Pervasive)"}
@string{pervasive06 = "Proc. of the 4th Int. Conf. on Pervasive Computing (Pervasive)"}
@string{pervasive07 = "Proc. of the 5th Int. Conf. on Pervasive Computing (Pervasive)"}
@string{pervasive08 = "Proc. of the 6th Int. Conf. on Pervasive Computing (Pervasive)"}
@string{pervasive09 = "Proc. of the 7th Int. Conf. on Pervasive Computing (Pervasive)"}
@string{pervasive10 = "Proc. of the 8th Int. Conf. on Pervasive Computing (Pervasive)"}

@string{ubicomp02 = "Proc. of the 4th Conf. on Ubiquitous Computing (Ubicomp)"}
@string{ubicomp03 = "Proc. of the 5th Conf. on Ubiquitous Computing (Ubicomp)"}
@string{ubicomp04 = "Proc. of the 6th Conf. on Ubiquitous Computing (Ubicomp)"}
@string{ubicomp05 = "Proc. of the 7th Conf. on Ubiquitous Computing (Ubicomp)"}
@string{ubicomp06 = "Proc. of the 8th Conf. on Ubiquitous Computing (Ubicomp)"}

@string{percom06 = "Fourth Annual IEEE Int. Conf. Pervasive Computing and Communications (PerCom)"}
@string{podc99 = "Proc. of the Eighteenth ACM Symp. on Principles of Distributed Computing (PODC)"}
@string{icdt03 = "Proc. of the 9th Int. Conf. on Database Theory (ICDT)"}
@string{infocom07 = "Proc. of the 26th Annual IEEE Conf. on Computer Communications (INFOCOM)"}
@string{mobicom00 = "Proc. of the Sixth Annual Int. Conf. on Mobile Computing and Networking (MobiCom)"}
@string{mobide06="Proc. of the Fifth Int. ACM Workshop on Data Engineering for Wireless and Mobile Access (MobiDE)"}

@string{mobisys08="Proc of the Sixth Int. Conf. on Mobile Systems, Applications, and Services (MobiSys)"}
@string{mobisys09="Proc of the Seventh Int. Conf. on Mobile Systems, Applications, and Services (MobiSys)"}

@string{sensys06 = "Proc of the 4th ACM Conf. on Embedded Networked Sensor Systems (SenSys)"}
@string{edbt06 = "Proc. of the 10th Int. Conf. on Extending Database Technology (EDBT)"}
@string{soda07="Proc of the ACM-SIAM Symp. on Discrte Algorithms (SODA)"}

@string{osdi04="Proc. of the 6th USENIX Symp. on Operating Systems Design \& Implementation (OSDI)"}
@string{osdi06="Proc. of the 7th USENIX Symp. on Operating Systems Design \& Implementation (OSDI)"}
@string{osdi08="Proc. of the 8th USENIX Symp. on Operating Systems Design \& Implementation (OSDI)"}

@string{sosp01="Proc. of the 18th ACM Symp. on Operating Systems Principles (SOSP)"}
@string{sosp03="Proc. of the 19th ACM Symp. on Operating Systems Principles (SOSP)"}
@string{sosp05="Proc. of the 20th ACM Symp. on Operating Systems Principles (SOSP)"}
@string{sosp07="Proc. of the 21st ACM Symp. on Operating Systems Principles (SOSP)"}

@string{socc10="ACM Symposium on Cloud Computing (SOCC)"}
@string{ssdbm10="22nd international conference on scientific and statistical database management (SSDBM)"}
@string{ssdbm11="23rd international conference on scientific and statistical database management (SSDBM)"}
@string{ssdbm12="24th international conference on scientific and statistical database management (SSDBM)"}
@string{ssdbm13="25th international conference on scientific and statistical database management (SSDBM)"}


%% Workshops
@string{debs04 = "Proc of the 3rd Int. Workshop on Distributed Event-Based Systems (DEBS"}
@string{debs03 = "Proc of the 2nd Int. Workshop on Distributed Event-Based Systems (DEBS)"}
@string{emnets06 = "Proc. of the Third Workshop on Embedded Networked Sensors (EmNets 2006)"}
@string{cleandb06 = "Proc. of the First Int. VLDB Workshop on Clean Databases (CleanDB)"}
@string{basenets05 = "The 2nd IEEE/CreateNet Int. Workshop on Broadband Advanced Sensor Networks (Basenets 2005)"}
@string{mpds03 = "Proc of the Workshop on Management and Processing of Data Streams (MPDS)"}
@string{pertec07 = "Proc. of workshop on Pervasive RFID/NFC Technology and Applications (PERTEC)"}
@string{nsdi04 = "Proc. of the First Symp. on Networked Systems Design and Implementation (NSDI)"}
@string{mpds03 = "Proc of the Workshop on Management and Processing of Data Streams (MPDS)"}
@string{d2h2-06 = "Proc. of the Transdisciplinary Conf. on Distributed Diagnosis and Home Healthcare (D2H2)"}
@string{mcd08 = "Proc. of the 4th International Workshop on Mining Complex Data (MCD 2008)"}

@string{hotcloud09 = "Workshop on Hot Topics in Cloud Computing (HotCloud'09)"}
@string{hotcloud10 = "2nd Workshop on Hot Topics in Cloud Computing (HotCloud'10)"}

@string{iasds09 = "Proc. of the Workshop on Interfaces and Architectures for Scientific Data Storage (IASDS'09)"}
@string{dmsn11 = "Proc. of the 8th International Workshop on Data Management for Sensor Networks (DMSN'11)"}

@string{danac13 = "Proc. of DanaC: Workshop on Data analytics in the Cloud with SIGMOD 2013"}

@string{mobide11="Proc. of the Tenth Int. ACM Workshop on Data Engineering for Wireless and Mobile Access (MobiDE)"}

% --------------------------------------------------
% End longer names
% --------------------------------------------------


% --------------------------------------------------
% Shorter names
% --------------------------------------------------

@string{vldbj = "VLDB Journal"}
@string{tkde = "IEEE TKDE"}
@string{sigrec = "SIGMOD Record"}
@string{tods = "ACM TODS"}
@string{tocs = "ACM TOCS"}

%% Conferences
@string{cidr03 = "Proc. of the First CIDR Conf."}
@string{cidr05 = "Proc. of the Second CIDR Conf."}
@string{cidr07 = "Proc. of the Third CIDR Conf."}
@string{cidr09 = "Proc. of the Fourth CIDR Conf."}
@string{cidr09p = "Fourth CIDR Conf. (perspectives)"}
@string{cidr11 = "Fifth CIDR Conf."}
@string{cidr13 = "Sixth CIDR Conf."}
@string{cidr15 = "CIDR 2015"}

@string{icde04 = "Proc. of the 20th ICDE Conf."}
@string{icde05 = "Proc. of the 21st ICDE Conf."}
@string{icde06 = "Proc. of the 22nd ICDE Conf."}
@string{icde07 = "Proc. of the 23rd ICDE Conf."}
@string{icde08 = "Proc. of the 24th ICDE Conf."}
@string{icde09 = "Proc. of the 25th ICDE Conf."}
@string{icde10 = "Proc. of the 26th ICDE Conf."}
@string{icde11 = "Proc. of the 27th ICDE Conf."}
@string{icde12 = "Proc. of the 28th ICDE Conf."}
@string{icde13 = "Proc. of the 29th ICDE Conf."}
@string{icde14 = "Proc. of the 30th ICDE Conf."}

@string{sigmod85 = "Proc. of the SIGMOD Conf."}
@string{sigmod94 = "Proc. of the SIGMOD Conf."}
@string{sigmod95 = "Proc. of the SIGMOD Conf."}
@string{sigmod96 = "Proc. of the SIGMOD Conf."}
@string{sigmod97 = "Proc. of the SIGMOD Conf."}
@string{sigmod98 = "Proc. of the SIGMOD Conf."}
@string{sigmod99 = "Proc. of the SIGMOD Conf."}
@string{sigmod00 = "Proc. of the SIGMOD Conf."}
@string{sigmod01 = "Proc. of the SIGMOD Conf."}
@string{sigmod02 = "Proc. of the SIGMOD Conf."}
@string{sigmod03 = "Proc. of the SIGMOD Conf."}
@string{sigmod04 = "Proc. of the SIGMOD Conf."}
@string{sigmod05 = "Proc. of the SIGMOD Conf."}
@string{sigmod06 = "Proc. of the SIGMOD Conf."}
@string{sigmod07 = "Proc. of the SIGMOD Conf."}
@string{sigmod08 = "Proc. of the SIGMOD Conf."}
@string{sigmod09 = "Proc. of the SIGMOD Conf."}
@string{sigmod10 = "Proc. of the SIGMOD Conf."}
@string{sigmod11 = "Proc. of the SIGMOD Conf."}
@string{sigmod12 = "Proc. of the SIGMOD Conf."}
@string{sigmod13 = "Proc. of the SIGMOD Conf."}
@string{sigmod14 = "SIGMOD 2014"}
@string{sigmod15 = "SIGMOD 2015"}
@string{sigmod16 = "SIGMOD 2016"}

@string{vldb87 = "Proc. of the 13th VLDB Conf."}
@string{vldb91 = "Proc. of the 17th VLDB Conf."}
@string{vldb96 = "Proc. of the 22nd VLDB Conf."}
@string{vldb98 = "Proc. of the 24th VLDB Conf."}
@string{vldb99 = "Proc. of the 25th VLDB Conf."}
@string{vldb01 = "Proc. of the 27th VLDB Conf."}
@string{vldb02 = "Proc. of the 28th VLDB Conf."}
@string{vldb03 = "Proc. of the 29th VLDB Conf."}
@string{vldb04 = "Proc. of the 30th VLDB Conf."}
@string{vldb05 = "Proc. of the 31st VLDB Conf."}
@string{vldb06 = "Proc. of the 32nd VLDB Conf."}
@string{vldb07 = "Proc. of the 33rd VLDB Conf."}
@string{vldb08 = "Proc. of the 34th VLDB Conf."}
@string{vldb09 = "Proc. of the 35th VLDB Conf."}
@string{vldb10 = "Proc. of the 36th VLDB Conf."}

@string{mobicom98 = "Proc. of the 4th MOBICOM Conf."}
@string{mobicom99 = "Proc. of the 5th MOBICOM Conf."}
@string{mobicom00 = "Proc. of the 6th MOBICOM Conf."}
@string{mobicom01 = "Proc. of the 7th MOBICOM Conf."}

@string{sigcomm03 = "Proc. of the ACM SIGCOMM Conf."}
@string{sigcomm04 = "Proc. of the ACM SIGCOMM Conf."}
@string{sigcomm05 = "Proc. of the ACM SIGCOMM Conf."}
@string{sigcomm06 = "Proc. of the ACM SIGCOMM Conf."}

@string{pervasive04 = "Proc. of the 2nd Pervasive Conf."}
@string{pervasive06 = "Proc. of the 4th Pervasive Conf."}
@string{pervasive07 = "Proc. of the 5th Pervasive Conf."}
@string{pervasive08 = "Proc. of the 6th Pervasive Conf."}
@string{pervasive09 = "Proc. of the 7th Pervasive Conf."}
@string{pervasive10 = "Proc. of the 8th Pervasive Conf."}

@string{nsdi04 = "Proc. of the First NSDI Symp."}
@string{uai05 = "Proc. of the 21st UAI Conf"}
@string{percom06 = "Proc. of the PerCom Conf."}

@string{netdb07 = "Proc. of the NetDB'07 Workshop"}
@string{basenets05 = "Proc. of the Basenets Workshop"}
@string {cleandb06 = "Proc. of the 1st VLDB CleanDB Workshop."}
@string{pertec07 = "Proc. of PERTEC workshop"}
@string{mpds03 = "Proc of the MPDS Workshop"}
@string{vldb = "VLDB"}
@string{cidr = "CIDR"}
@string{sosp = "SOSP"}
@string{sigmod = "SIGMOD"}
@string{socc = "SOCC"}
@string{nsdi = "NSDI"}
@string{www = "WWW"}
