% --------------------------------------------------
% Projects
% --------------------------------------------------
@misc{viska,
  key = {viska},
  title = {Viska: Exploratory Performance Analysis of Query Execution Engines with Interactive Visualization},
  howpublished = {\url{http://viska.org}}
}

@misc{myria,
  key = {myria},
  title = {Myria: {Big Data} Management as a {Cloud} Service},
  howpublished = {\url{http://myria.cs.washington.edu/}}
}

@misc{myria-arch,
  key = {myria-arch},
  title = {Myria documentation: Architecture Overview.},
  howpublished = {\url{http://myria.cs.washington.edu/docs/myria-architecture.html}}
}

@misc{pipegen,
  key = {pipegen},
  title = {{PipeGen:} Data Pipe Generation for Hybrid Analytics},
  howpublished = {\url{http://db.cs.washington.edu/projects/pipegen/}}
}


@misc{hadepot,
  key={hadapt},
  title = {{Hadepot}: Repository of {MapReduce} Applications},
  howpublished = {\url{http://nuage.cs.washington.edu/repository.php}}
}

@misc{myria-repository,
  key={myria-repository},
  title = {Myria {Big Data} Use-Case Repository},
  howpublished = {\url{http://myria.cs.washington.edu/repository/}}
}


@misc{nuage,
  title = {Nuage: Scientific Data Management in the Cloud},
  howpublished = {\url{http://nuage.cs.washington.edu/}}
}

@misc{cqms,
  title = {Collaborative Query Management},
  howpublished = {\url{http://cqms.cs.washington.edu/}}
}

@misc{dataecosystem,
  key={dataecosystem},
  title = {{Data Eco\$y\$tem}},
  howpublished = {\url{http://cloud-data-pricing.cs.washington.edu/}}
}


@misc{rfidecosystem,
  title = {The {RFID Ecosystem}},
  howpublished = {\url{http://rfid.cs.washington.edu/}}
}

@misc{lahar,
  title = {The {Lahar} Project},
  howpublished = {\url{http://lahar.cs.washington.edu/}}
}

@misc{scidb,
  key = {scidb},
  title = {{SciDB}},
  howpublished = {\url{http://www.scidb.org/}}
}

@misc{scidbuw,
  key = {scidbuw},
  title = {{UW SciDB Branch}},
  howpublished = {\url{http://scidb.cs.washington.edu/}}
}

@misc{datalawyer,
  key= {datalawyer},
  title = {{DataLawyer}},
  howpublished = {\url{https://github.com/prup/data-lawyer}}
}

@misc{pslamanager-code,
  key= {pslamanager},
  title = {{PSLAManager System}},
  howpublished = {\url{https://github.com/uwdb/PSLAManager}}
}

@misc{arrow,
  key= {arrow},
  title = {{Apache Arrow}},
  howpublished = {\url{https://arrow.apache.org/}}
}

@misc{reef,
  key= {reef},
  title = {{Apache REEF}},
  howpublished = {\url{http://reef.apache.org/}}
}

@misc{yarn,
  key= {yarn},
  title = {{Apache Hadoop YARN}},
  howpublished = {\url{https://hadoop.apache.org/docs/r2.7.1/hadoop-yarn/hadoop-yarn-site/}}
}

% --------------------------------------------------
% Papers 2016
% --------------------------------------------------
@misc{mehta:16,
  title = {Comparing systems for analyzing big neuroscience imaging data},
  author = {Parmita Mehta and others},
  howpublished = {Poster at NeuroFutures 2016}
}


@article{DBLP:journals/corr/MortonHBG16,
  author    = {Kristi Morton and Hannaneh Hajishirzi and Magdalena Balazinska and Dan Grossman},
  title     = {View-Driven Deduplication with Active Learning},
  journal   = {CoRR},
  volume    = {abs/1606.05708},
  year      = {2016},
  url       = {http://arxiv.org/abs/1606.05708}
}

@article{DBLP:journals/corr/HaynesCB16,
  author    = {Brandon Haynes and others},
  title     = {PipeGen: Data Pipe Generator for Hybrid Analytics},
  journal   = {CoRR},
  volume    = {abs/1605.01664},
  year      = {2016},
  url       = {http://arxiv.org/abs/1605.01664}
}


@article{DBLP:journals/corr/OrtizLBH16,
  author    = {Jennifer Ortiz and others},
  title     = {PerfEnforce: {A} Dynamic Scaling Engine for Analytics with Performance
               Guarantees},
  journal   = {CoRR},
  volume    = {abs/1605.09753},
  year      = {2016},
  url       = {http://arxiv.org/abs/1605.09753}
}



@misc{upadhyaya:16,
  author    = {Prasang Upadhyaya and
               Magdalena Balazinska and
               Dan Suciu},
  title = {Price-Optimal Querying with Data {APIs}},
  howpublished = {(submission)}
}

@inproceedings{ortiz:16,
  author    = {Jennifer Ortiz and others},
  title     = {{PerfEnforce} Demonstration: Data Analytics with Performance Guarantees},
  booktitle = sigmod16
}

@inproceedings{wang:16,
  author    = {Jingjing Wang and others},
  title     = {Toward Elastic Memory Management for Cloud Data Analytics},
  booktitle =  {{BeyondMR} with {SIGMOD}},
  year      = {2016}
}

@article{DBLP:journals/cacm/AbadiAABBCCDDFG16,
  author    = {Daniel Abadi and
               Rakesh Agrawal and
               Anastasia Ailamaki and
               Magdalena Balazinska and
               Philip A. Bernstein and
               Michael J. Carey and
               Surajit Chaudhuri and
               Jeffrey Dean and
               AnHai Doan and
               Michael J. Franklin and
               Johannes Gehrke and
               Laura M. Haas and
               Alon Y. Halevy and
               Joseph M. Hellerstein and
               Yannis E. Ioannidis and
               H. V. Jagadish and
               Donald Kossmann and
               Samuel Madden and
               Sharad Mehrotra and
               Tova Milo and
               Jeffrey F. Naughton and
               Raghu Ramakrishnan and
               Volker Markl and
               Christopher Olston and
               Beng Chin Ooi and
               Christopher R{\'{e}} and
               Dan Suciu and
               Michael Stonebraker and
               Todd Walter and
               Jennifer Widom},
  title     = {The Beckman report on database research},
  journal   = {Commun. {ACM}},
  volume    = {59},
  number    = {2},
  pages     = {92--99},
  year      = {2016}
}




% --------------------------------------------------
% Papers 2015
% --------------------------------------------------
@article{DBLP:journals/jacm/KoutrisUBHS15,
  author    = {Paraschos Koutris and
               Prasang Upadhyaya and
               Magdalena Balazinska and
               Bill Howe and
               Dan Suciu},
  title     = {Query-Based Data Pricing},
  journal   = {J. {ACM}},
  volume    = {62},
  number    = {5},
  pages     = {43},
  year      = {2015}
}



@article{DBLP:journals/sigmod/DugganESBHKMMMZ15,
  author    = {Jennie Duggan and others},
  title     = {The {BigDAWG} Polystore System},
  journal   = {{SIGMOD} Record},
  volume    = {44},
  number    = {2},
  pages     = {11--16},
  year      = {2015}
}

@article{DBLP:journals/pvldb/ElmoreDSBCGHHKK15,
  author    = {Aaron J. Elmore and
               Jennie Duggan and
               Mike Stonebraker and
               Magdalena Balazinska and
               Ugur {\c{C}}etintemel and
               Vijay Gadepally and
               J. Heer and
               Bill Howe and
               Jeremy Kepner and
               Tim Kraska and
               Samuel Madden and
               David Maier and
               Timothy G. Mattson and
               S. Papadopoulos and
               J. Parkhurst and
               Nesime Tatbul and
               Manasi Vartak and
               Stan Zdonik},
  title     = {A Demonstration of the {BigDAWG} Polystore System},
  journal   = pvldb,
  volume    = {8},
  number    = {12},
  pages     = {1908--1919},
  year      = {2015}
}

@article{DBLP:journals/pvldb/WangBH15,
  author    = {Jingjing Wang and others},
  title     = {Asynchronous and Fault-Tolerant Recursive Datalog Evaluation in Shared-Nothing
               Engines},
  journal   = pvldb,
  year      = {2015}
}

@inproceedings{DBLP:conf/sigmod/ChuBS15,
  author    = {Shumo Chu and others},
  title     = {From Theory to Practice: Efficient Join Query Evaluation in a Parallel
               Database System},
  booktitle = sigmod15
}

@inproceedings{DBLP:conf/cidr/OrtizAB15,
  author    = {Jennifer Ortiz and others},
  title     = {Changing the Face of Database Cloud Services with Personalized Service
               Level Agreements},
  booktitle = cidr15
}



@article{DBLP:journals/pvldb/Balazinska15a,
  author    = {Magdalena Balazinska},
  title     = {Big Data Research: Will Industry Solve all the Problems?},
  journal   = pvldb,
  volume    = {8},
  number    = {12},
  pages     = {2053--2064},
  year      = {2015}
}

@inproceedings{DBLP:conf/sigmod/UpadhyayaBS15,
  author    = {Prasang Upadhyaya and
               Magdalena Balazinska and
               Dan Suciu},
  title     = {Automatic Enforcement of Data Use Policies with {DataLawyer}},
  booktitle = sigmod15,
  pages     = {213--225},
  year      = {2015}
}

@inproceedings{DBLP:conf/sigmod/ReABCJKR15,
  author    = {Christopher R{\'{e}} and
               Divy Agrawal and
               Magdalena Balazinska and
               Michael J. Cafarella and
               Michael I. Jordan and
               Tim Kraska and
               Raghu Ramakrishnan},
  title     = {Machine Learning and Databases: The Sound of Things to Come or a Cacophony
               of Hype?},
  booktitle = sigmod15,
  pages     = {283--284},
  year      = {2015}
}

@inproceedings{DBLP:conf/ssdbm/SoroushBKC15,
  author    = {Emad Soroush and
               Magdalena Balazinska and
               K. Simon Krughoff and
               Andrew J. Connolly},
  title     = {Efficient iterative processing in the SciDB parallel array engine},
  booktitle = {Proceedings of the 27th International Conference on Scientific and
               Statistical Database Management, {SSDBM}'15},
  pages     = {39:1--39:6},
  year      = {2015}
}

@inproceedings{DBLP:conf/vldb/MaasHTBCH15,
  author    = {Ryan Maas and
               Jeremy Hyrkas and
               Olivia Grace Telford and
               Magdalena Balazinska and
               Andrew J. Connolly and
               Bill Howe},
  title     = {Gaussian Mixture Models Use-Case: In-Memory Analysis with Myria},
  booktitle = {Proceedings of the 3rd {VLDB} Workshop on In-Memory Data Mangement
               and Analytics, IMDM@VLDB 2015, Kohala Coast, HI, USA, August 31, 2015},
  pages     = {3:1--3:8},
  year      = {2015}
}

@inproceedings{williams:15,
  author = {David Williams and Magdalena Balazinska and Thomas L. Daniel},
  title = {Automated Analysis of Muscle {X-ray} Diffraction Imaging with {MCMC}},
  booktitle = {Proceedings of the {DMAH} workshop with {VLDB}},
  year = {2015}
}


% --------------------------------------------------
% Papers 2014
% --------------------------------------------------
@article{DBLP:journals/sigmod/MortonBGKM14,
  author    = {Kristi Morton and
               Magdalena Balazinska and
               Dan Grossman and
               Robert Kosara and
               Jock D. Mackinlay},
  title     = {Public Data and Visualizations: How are Many Eyes and Tableau Public
               Used for Collaborative Analytics?},
  journal   = {{SIGMOD} Record},
  volume    = {43},
  number    = {2},
  pages     = {17--22},
  year      = {2014}
}


@inproceedings{DBLP:conf/sigmod/LoebmanOCOAHBQG14,
  author    = {Sarah Loebman and others},
  title     = {Big-Data Management Use-Case: {A} Cloud Service for Creating and Analyzing
               Galactic Merger Trees},
  booktitle = {DanaC 2014 in conjunction with {SIGMOD}},
}

@inproceedings{myria-demo,
  Author = {Daniel Halperin and others},
  Booktitle = sigmod14,
  Title = {Demonstration of the {Myria} Big Data Management Service}
  }

@article{DBLP:journals/pvldb/MortonBGM14,
  author    = {Kristi Morton and
               Magdalena Balazinska and
               Dan Grossman and
               Jock D. Mackinlay},
  title     = {Support the Data Enthusiast: Challenges for Next-Generation Data-Analysis
               Systems},
  journal   = pvldb,
  year      = {2014},
  volume    = {7},
  number    = {6},
  pages     = {453--456}
}

@inproceedings{upadhyaya:14,
  author = {Upadhyaya, Prasang and Unutzer, Martina and Balazinska, Magdalena and Suciu, Dan and Hacigumus, Hakan},
  title = {Affordable Analytics on Expensive Data},
  booktitle = {Proceedings of the First International Workshop on Bringing the Value of "Big Data" to Users (Data4U 2014)},
  year = {2014},
  pages = {19:19--19:24}
}

@article{DBLP:journals/sigmod/BalazinskaHS14,
  author    = {Magdalena Balazinska and
               Bill Howe and
               Dan Suciu},
  title     = {The database group at the University of Washington},
  journal   = {{SIGMOD} Record},
  volume    = {43},
  number    = {1},
  pages     = {39--44},
  year      = {2014}
}

@article{DBLP:journals/sigmod/AbadiAABBCCDDFGHHHIJKMMMNRMOORSSWW14,
  author    = {Daniel J. Abadi and
               Rakesh Agrawal and
               Anastasia Ailamaki and
               Magdalena Balazinska and
               Philip A. Bernstein and
               Michael J. Carey and
               Surajit Chaudhuri and
               Jeffrey Dean and
               AnHai Doan and
               Michael J. Franklin and
               Johannes Gehrke and
               Laura M. Haas and
               Alon Y. Halevy and
               Joseph M. Hellerstein and
               Yannis E. Ioannidis and
               H. V. Jagadish and
               Donald Kossmann and
               Samuel Madden and
               Sharad Mehrotra and
               Tova Milo and
               Jeffrey F. Naughton and
               Raghu Ramakrishnan and
               Volker Markl and
               Christopher Olston and
               Beng Chin Ooi and
               Christopher R{\'{e}} and
               Dan Suciu and
               Michael Stonebraker and
               Todd Walter and
               Jennifer Widom},
  title     = {The Beckman Report on Database Research},
  journal   = {{SIGMOD} Record},
  volume    = {43},
  number    = {3},
  pages     = {61--70},
  year      = {2014}
}



% --------------------------------------------------
% Papers 2013
% --------------------------------------------------
@article{vanderplas:13,
  title =  {Squeezing a Big Orange into Little Boxes: The {AscotDB} System for Parallel Processing of Data on a Sphere},
  author = {Jacob Vanderplas and Emad Soroush and Simon Krughoff and Magdalena Balazinska and Andrew Connolly},
  journal = deb,
  volume    = {36},
  number    = {4},
  pages     = {11-20},
  year      = {2013}
}

@article{ren:13,
  author    = {Kai Ren and
               YongChul Kwon and
               Magdalena Balazinska and
               Bill Howe},
  title     = {Hadoop's Adolescence: An analysis of Hadoop usage in scientific workloads},
  journal   = pvldb,
  volume    = {6},
  number    = {10},
  year      = {2013},
  pages     = {853-864}
}

@article{moyers:13,
  author    = {Matthew Moyers and
               Emad Soroush and
               Spencer Wallace and
               K. Simon Krughoff and
               Jake VanderPlas and
               Magdalena Balazinska and
               Andrew J. Connolly},
  title     = {A Demonstration of Iterative Parallel Array Processing in
               Support of Telescope Image Analysis},
  journal   = pvldb,
  volume    = {6},
  number    = {12},
  year      = {2013},
  pages     = {1322-1325}
}

@misc{unutzer:13,
   title = {Applying Visualizations and Machine Learning to Detect Artifacts in Astronomy Catalogs},
   author = {Martina Unutzer and Morgan Fouesneau and Ben Williams and Magdalena Balazinska and Julianne Dalcanton},
   howpublished = {Poster at {SSDBM} 2013}
}

@inproceedings{ortiz:13,
    title = {A Vision for Personalized Service Level Agreements in the Cloud},
    author = {Jennifer Ortiz and Victor Teixeira de Almeida and Magdalena Balazinska},
    booktitle = {Proceedings of the Second Workshop on Data analytics in the Cloud,
               DanaC 2013, In conjunction with {ACM} {SIGMOD/PODS} Conference},
    year = 2013
}




@article{kwon:13,
  title =  {Managing Skew in {Hadoop}},
  author = {YongChul Kwon and Kai Ren and Magdalena Balazinska and Bill Howe},
  journal = debi,
  volume = 36,
  number = 1,
 pages     = {24-33},
  year = 2013
}

@inproceedings{soroush:13,
  title = {Time Travel in a Scientific Array Database},
  author = {Emad Soroush and Magdalena Balazinska},
  booktitle = icde13,
  pages     = {98-109},
  month = apr,
  year = 2013
}

@inproceedings{koutris:13,
  author    = {Paraschos Koutris and
               Prasang Upadhyaya and
               Magdalena Balazinska and
               Bill Howe and
               Dan Suciu},
  title     = {Toward practical query pricing with {QueryMarket}},
  booktitle = sigmod13,
  year      = {2013},
  pages     = {613-624}
}

@inproceedings{upadhyaya:13b,
  author    = {Prasang Upadhyaya and
               Nick R. Anderson and
               Magdalena Balazinska and
               Bill Howe and
               Raghav Kaushik and
               Ravishankar Ramamurthy and
               Dan Suciu},
  title     = {The power of data use management in action (demonstration)},
  booktitle = sigmod13,
  year      = {2013},
  pages     = {1117-1120}
}

@inproceedings{upadhyaya:13a,
  author = {Prasang Upadhyaya and Nick Anderson and Magdalena Balazinska and Bill Howe and Raghav Kaushik and Ravi Ramamurthy},
  title = {Stop That Query! The Need for Managing Data Use},
  booktitle = cidr13,
  month = jan,
  year = 2013
}

@inproceedings{DBLP:conf/birthday/BalazinskaHKSU13,
  author    = {Magdalena Balazinska and
               Bill Howe and
               Paraschos Koutris and
               Dan Suciu and
               Prasang Upadhyaya},
  title     = {A Discussion on Pricing Relational Data},
  booktitle = {In Search of Elegance in the Theory and Practice of Computation -
               Essays Dedicated to Peter Buneman},
  pages     = {167--173},
  year      = {2013}
}

@inproceedings{DBLP:conf/ssdbm/BalazinskaDHL13,
  author    = {Magdalena Balazinska and
               Susan B. Davidson and
               Bill Howe and
               Alexandros Labrinidis},
  title     = {Education and career paths for data scientists},
  booktitle = {Conference on Scientific and Statistical Database Management, {SSDBM}
               '13, Baltimore, MD, USA, July 29 - 31, 2013},
  pages     = {3:1--3:2},
  year      = {2013}
}




% --------------------------------------------------
% Papers 2012
% --------------------------------------------------
@misc{afrati:12,
  author = {Foto N. Afrati and Magdalena Balazinska and Anish Das Sarma and Bill Howe and Semih Salihoglu and Jeffrey D. Ullman},
  title = {Designing Good Algorithms for {MapReduce} and Beyond},
  howpublished = {Tutorial at {SOCC}},
  year = 2012
}

@article{koutris:12b,
  title = {{QueryMarket} Demonstration: Pricing for Online Data Markets (demonstration)},
  author = {Paraschos Koutris and Prasang Upadhyaya and Magdalena Balazinska and Bill Howe and Dan Suciu},
  journal = pvldb,
  volume = 5,
  number = 12,
  pages = {1962--1965},
  year = 2012
}

@article{kwon:12b,
  title = {{SkewTune} in Action (demonstration)},
  author = {YongChul Kwon and Magdalena Balazinska and Bill Howe and Jerome Rolia},
  journal = pvldb,
  volume = 5,
  number = 12,
  pages = {1934--1937},
  year = 2012
}

@article{bu:12,
  author    = {Yingyi Bu and
               Bill Howe and
               Magdalena Balazinska and
               Michael D. Ernst},
  title     = {The {HaLoop} approach to large-scale iterative data analysis},
  journal   = vldbj,
  volume    = {21},
  number    = {2},
  year      = {2012},
  pages     = {169-190}
}


@inproceedings{koutris:12a,
  author = {Paraschos Koutris and Prasang Upadhyaya and Magdalena Balazinska and Bill Howe and Dan Suciu},
  title = {Query-Based Data Pricing},
  booktitle = pods12,
  pages = {167--178},
  year = 2012
}



@article{upadhyaya:12,
  author = {Prasang Upadhyaya and Magdalena Balazinska and Dan Suciu},
  title = {How to Price Shared Optimizations in the {Cloud}},
  journal = pvldb,
  volume = 5,
  number = 6,
  pages = {562--573},
  year = 2012
}

@article{khoussainova:12,
  author = {Nodira Khoussainova and Magdalena Balazinska and Dan Suciu},
  title = {{PerfXPlain}: Debugging {MapReduce} Job Performance},
  journal = pvldb,
  volume = 5,
  number = 7,
  pages = {598--609},
  year = 2012
}

@inproceedings{kwon:12,
  author = {YongChul Kwon and Magdalena Balazinska and Bill Howe and Jerome Rolia},
  title = {{SkewTune}: Mitigating Skew in {MapReduce} Applications},
  booktitle = sigmod12,
  pages     = {25-36},
  year = 2012
}


% --------------------------------------------------
% Papers 2011
% --------------------------------------------------
@inproceedings{xu:11,
  author = {Shengliang Xu and Magdalena Balazinska},
  title = {Sensor Data Stream Exploration for Monitoring Applications},
  booktitle = dmsn11,
  year = 2011
}

@inproceedings{kwon:11,
  author = {YongChul Kwon and Magdalena Balazinska and Bill Howe and Jerome Rolia},
  title = {A Study of Skew in {MapReduce} Applications},
  booktitle = {The 5th International Open Cirrus Summit},
  note = {\textbf{Best Student Paper Award}},
  year = 2011
}


@article{balazinska:11b,
  title = {Data Markets in the Cloud: An Opportunity for the Database Community},
  author = {Magdalena Balazinska and Bill Howe and Dan Suciu},
  journal = pvldb,
  volume = 4,
  number = 12,
  year = 2011,
  note = {\textbf{2nd place in the Best Paper Award Competition for the Challenges and Visions track}}
}

@inproceedings{letchner:11,
  title = {Lineage for {Markovian} Stream Event Queries},
  author = {Julie Letchner and Magdalena Balazinska},
  booktitle = mobide11,
  month = jun,
  year = 2011
}

@article{wiley:11,
  author = {K. Wiley and A. Connolly and J. Gardner and S. Krughoff and M. Balazinska and B. Howe and Y. Kwon and Y. Bu},
  title = {Astronomy in the Cloud: Using {MapReduce} for Image Coaddition},
  journal = {Publications of the Astronomical Society of the Pacific (PASP)},
  volume = 123,
  number = 901,
  pages = {366--380},
  month = mar,
  year = 2011
}

@inproceedings{upadhyaya:11,
  title = {A Latency and Fault-Tolerance Optimizer for Online Parallel Query Plans},
  author = {Prasang Upadhyaya and YongChul Kwon and Magdalena Balazinska},
  booktitle = sigmod11,
  pages = {241--252},
  month = jun,
  year = 2011
}

@inproceedings{soroush:11a,
  title = {{ArrayStore}: A Storage Manager for Complex Parallel Array Processing},
  author = {Emad Soroush and Magdalena Balazinska and Daniel Wang},
  booktitle = sigmod11,
  pages = {253--264},
  month = jun,
  year = 2011
}

@inproceedings{alsayyad:11,
  title = {Towards Efficient and Precise Queries Over Ten Million Asteroid Trajectory Models (poster)},
  author =  {Yusra Alsayyad and K. Simon Krughoff and Bill Howe and Andrew J. Connolly and Magdalena Balazinska and Lynne Jones},
  booktitle = ssdbm11,
  month = jul,
  year = 2011
}

@inproceedings{khoussainova:11,
  title = {Session-based Browsing for Better Query Reuse (poster)},
  author = {Nodira Khoussainova and Yongchul Kwon and Wei-Ting Liao and Magdalena Balazinska and Wolfgang Gatterbauer and Dan Suciu},
  booktitle = ssdbm11,
  month = jul,
  year = 2011
}

@inproceedings{morton:11,
  title = {The Case for Being Lazy: How to Leverage Lazy Evaluation in {MapReduce}},
  author = {Kristi Morton and Magdalena Balazinska and Dan Grossman and Christopher Olston},
  booktitle = {2nd Workshop on Scientific Cloud Computing (ScienceCloud 2011) with HPDC 2011},
  month = jun,
  year = 2011
}

@inproceedings{soroush:11b,
   title =  {Hybrid Merge/Overlap Execution Technique for Parallel Array Processing},
   author = {Emad Soroush and Magdalena Balazinska},
   booktitle = {Workshop on Array Databases in conjunction with EDBT},
   month = mar,
   year = 2011
}

@article{smith:11,
   title =  {Biology and Data-Intensive Science in the Beginning of the 21st Century},
   author = {Arnold Smith and Magdalena Balazinska and Chaitan Baru and Mark Gomelsky and Michael McLennan and Lynn Rose and Burton Smith and Elizabeth Stewart and Eugene Kolker},
   journal = {{OMICS A Journal of Integrative Biology}},
   volume = 15,
   number = 4,
   year = 2011
}

@article{balazinska:11a,
    title = {Data Management Tools for Scientific Analytics},
    author =  {Magdalena Balazinska},
    journal = {{OMICS A Journal of Integrative Biology}},
    volume = 15,
    number = 4,
    year = 2011
}

% --------------------------------------------------
% Papers 2010
% --------------------------------------------------
@article{khoussainova:10,
   title = {{SnipSuggest}: Context-Aware Autocompletion for {SQL}},
   author = {Nodira Khoussainova and YongChul Kwon and Magdalena Balazinska and Dan Suciu},
   journal = pvldb,
   volume = 4,
   number = 1,
   pages = {22--33},
   year = 2010
}

@article{bu:10,
  title = {{HaLoop}: Efficient Iterative Data Processing on Large Clusters},
  author = {Yingyi Bu and Bill Howe and Magdalena Balazinska and Michael D. Ernst},
  journal = pvldb,
  volume = 3,
  number = 1,
  pages = {285--296},
  note = {\textbf{Selected for Best of VLDB 2010 issue of VLDB Journal}},
  year = 2010
}

@inproceedings{balazinska:10,
  title = {Advanced Clone-Analysis to Support Object-Oriented System Refactoring (\textbf{10-year most influential paper talk abstract})},
  author = {M. Balazinska and E. Merlo and M. Dagenais and B. Lague and K. Kontogiannis},
  booktitle = {Proc. of the 17th Working Conference on Reverse Engineering (\textbf{WCRE})},
  year = 2010
}

@inproceedings{kwon:10a,
  title = {Skew-Resistant Parallel Processing of Feature-Extracting Scientific User-Defined Functions},
  author = {YongChul Kwon and Magdalena Balazinska and Bill Howe and Jerome Rolia},
  booktitle = socc10,
  year = 2010
}

@inproceedings{kwon:10b,
  title = {Scalable clustering algorithm for {N-body} simulations in a shared-nothing cluster},
  author = {YongChul Kwon and Dylan Nunley and Jeffrey P. Gardner and Magdalena Balazinska and Bill Howe and Sarah Loebman},
  booktitle = ssdbm10,
  year = 2010
}

@inproceedings{welbourne:10,
  author = {Evan Welbourne and Magdalena Balazinska and Gaetano Borriello and James Fogarty},
  title  = {Specification and Verification of Complex Location Events},
  booktitle = pervasive10,
  month = may,
  year = 2010
}

@inproceedings{morton:10a,
  author = {Kristi Morton and  Magdalena Balazinska and Dan Grossman},
  title  = {{ParaTimer}: A Progress Indicator for {MapReduce} {DAGs}},
  booktitle = sigmod10,
  pages = {507--518},
  month = jun,
  year = 2010
}

@inproceedings{rogers:10,
  title = {Overview of {SciDB}: Large Scale Array Storage, Processing and Analysis},
  author = {J. Rogers and R. Simakov and E. Soroush and P. Velikhov and M. Balazinska and D. DeWitt and B. Heath and D. Maier and S. Madden and J. Patel and M. Stonebraker and S. Zdonik and A. Smirnov and K. Knizhnik and Paul G. Brown},
  booktitle = sigmod10,
  pages = {963--968},
  year = 2010
}


@inproceedings{morton:10b,
  author = {Kristi Morton and Abram Friesen and  Magdalena Balazinska and Dan Grossman},
  title  = {Estimating the Progress of {MapReduce} Pipelines (short paper)},
  booktitle = icde10,
  month = mar,
  year = 2010
}

@inproceedings{letchner:10,
  title = {Approximation Trade-Offs in a {Markovian} Stream Warehouse: An Empirical Study  (short paper)},
  author = {Julie Letcher and Christopher  R\'{e} and Magdalena Balazinska and Matthai Philipose},
  booktitle = icde10,
  year = 2010
}


% --------------------------------------------------
% Papers 2009
% --------------------------------------------------
@inproceedings{loebman:09,
   author = {Sarah Loebman and Dylan Nunley and YongChul Kwon and Bill Howe and Magdalena Balazinska and Jeffrey P. Gardner},
   title = {Analyzing Massive Astrophysical Datasets: Can {Pig/Hadoop} or a Relational {DBMS} Help?},
   booktitle = iasds09,
   month = aug,
   year = 2009
}

@article{gatterbauer:09,
  author = {Wolfgang Gatterbauer and Magdalena Balazinska and Nodira Khoussainova and Dan Suciu},
  title = {Believe It or Not: Adding Belief Annotations to Databases},
  journal = pvldb,
  volume = 2,
  number = 1,
  pages = {1--12},
  year = 2009
}

@article{letchner:09b,
  author = {Julie Letchner and Christopher R\'{e} and Magdalena Balazinska and Matthai Philipose},
  title  = {Lahar Demonstration: Warehousing {Markovian} Streams (demonstration)},
  journal = pvldb,
  volume = 2,
  number = 2,
  pages = {1610--1613},
  year = 2009
}

@article{cudre:09,
   title = {A Demonstration of {SciDB}: A Science-Oriented {DBMS} (demonstration)},
   author = {Phillipe Cudre-Mauroux and  Hideaki Kimura and  Kian-Tat Lim and  Jennie Rogers and  Roman Simakov and  Emad Soroush and  Pavel Velikhov and  Daniel L. Wang and  Magdalena Balazinska and  Jacek Becla and  David DeWitt and  Bobbi Heath and  David Maier and  Samuel Madden and  Jignesh Patel and  Michael Stonebraker and  Stan Zdonik},
  journal = pvldb,
  volume = 2,
  number = 2,
  pages = {1534--1537},
   year = 2009
}


@inproceedings{welbourne:09a,
  author = {Evan Welbourne and Karl Kosher and Emad Soroush and Magdalena Balazinska and Gaetano Borriello},
  title  = {Longitudinal Study of a Building-wide {RFID Ecosystem}},
  booktitle = mobisys09,
  month = jun,
  year = 2009
}

@article{welbourne:09b,
    title = {Building the {Internet} of Things Using {RFID}},
    author =  {Evan Welbourne and Leilani Battle and Garret Cole and Kayla Gould and Kyle Rector and Samuel Raymer and Magdalena Balazinska and Gaetano Borriello},
    journal = ieeeic,
    volume = 13,
    number = 3,
    year = 2009
}

@inproceedings{letchner:09a,
  author = {Julie Letchner and Christopher R\'{e} and Magdalena Balazinska and Matthai Philipose},
  title  = {Access Methods for {Markovian} Streams},
  booktitle = icde09,
  month = apr,
  year = 2009
}


@inproceedings{khoussainova:09,
  author = {Nodira Khoussainova and Magdalena Balazinska and Wolfgang Gatterbauer and YongChul Kwon and Dan Suciu },
  title  = {A Case for a Collaborative Query Management System},
  booktitle = cidr09-perspectives,
  month = jan,
  year = 2009
}



% --------------------------------------------------
% Papers 2008
% --------------------------------------------------

@inproceedings{kwon:08b,
  author = {YongChul Kwon and Wing Yee Lee and Magdalena Balazinska and Guiping Xu},
  title = {Clustering Events on Streams using Complex Context Information},
  booktitle = mcd08,
  month = dec,
  year = 2008
}

@article{letchner:08,
   author = {Julie Letchner and Christopher R\'{e} and Magdalena Balazinska and Matthai Philipose},
   title = {Challenges for Event Queries over {Markovian} Streams},
   journal = ieeeicstreams,
   volume = 12,
   number = 6,
   year = 2008
}

@inproceedings{balazinska:08c,
   author = {Magdalena Balazinska and Christopher R\'{e} and Dan Suciu},
   title = {Systems Aspects of Probabilistic Data Management (tutorial)},
   journal = pvldb,
   volume = 1,
   number = 2,
   pages = {1520--1521},
   year = 2008
}

@article{kwon:08,
  author = {YongChul Kwon and Magdalena Balazinska and Albert Greenberg},
  title = {Fault-tolerant Stream Processing Using a Distributed, Replicated File System},
  journal = pvldb,
  volume = 1,
  number = 1,
  pages = {574--585},
  year = 2008
}


@inproceedings{welbourne:08,
  author = {Evan Welbourne and Nodira Khoussainova and Julie Letchner and Yang Li and Magdalena Balazinska and Gaetano Borriello and Dan Suciu},
  title  = {{Cascadia}: A System for Specifying, Detecting, and Managing {RFID} Events},
  booktitle = mobisys08,
  month = jun,
  year = 2008
}

@inproceedings{welbourne:08b,
  author = {Evan Welbourne and Garret Cole and Nodira Khoussainova and Julie Letchner and Yang Li and Magdalena Balazinska and Gaetano Borriello and Dan Suciu},
  title = {Specification, Detection, and Notification of {RFID} Events with {Cascadia} (demonstration)},
  booktitle = mobisys08,
  month = jun,
  year = 2008
}

@inproceedings{re:08,
  author = {Christopher R\'{e} and Julie Letchner and Magdalena Balazinska and Dan Suciu},
  title  = {Event Queries on Correlated Probabilistic Streams},
  booktitle = sigmod08,
  pages = {715--728},
  month = jun,
  year = 2008
}

@inproceedings{khoussainova:08b,
  author = {Nodira Khoussainova and Evan Welbourne and Magdalena Balazinska and Gaetano Borriello and Garrett Cole and Julie Letcnher and Yang Li and Christopher R\'{e} and Dan Suciu and Jordan Walke},
  title = {A Demonstration of {Cascadia} through a Digital Diary Application (demonstration)},
  booktitle = sigmod08,
  pages = {1319--1322},
  month = jun,
  year = 2008
}

@article{balazinska:08b,
  author = {Magdalena Balazinska and Jeong-Hyon Hwang and Mehul A. Shah},
  title = {Fault-Tolerance and High Availability in Data Stream Management Systems},
  journal = {Encyclopedia of Database Systems (to appear)}
}

@inproceedings{khoussainova:08,
  author = {Nodira Khoussainova and Magdalena Balazinska and Dan Suciu},
  title  = {Probabilistic Event Extraction from {RFID} Data (short paper)},
  booktitle = icde08,
  month = apr,
  year = 2008
}

@article{balazinska:08,
   author = {Magdalena Balazinska and Hari Balakrishnan and Samuel R. Madden and Michael Stonebraker},
   title  = {Fault-Tolerance in the {Borealis} Distributed Stream Processing System},
   journal = tods,
   volume = 33,
   number = 1,
   month = mar,
   year = 2008
}

% --------------------------------------------------
% 2007
% --------------------------------------------------
@inproceedings{rastogi:07,
 author = {Vibhor Rastogi and Evan Welbourne and Nodira Khoussainova and Travis Kriplean and Magdalena Balazinska and Gaetano Borriello and Tadayoshi Kohno and Dan Suciu},
 title  = {Expressing Privacy Policies Using Authorization Views},
 booktitle = ubipriv07,
 month = sep,
 year = 2007
}

@article{kriplean:07,
   author = {Travis Kriplean and Evan Welbourne and Nodira Khoussainova and Vibhor Rastogi and Magdalena Balazinska and Gaetano Borriello and Tadayoshi Kohno and Dan Suciu},
   title  = {Physical Access Control for Captured {RFID} Data},
   journal = pervasive,
   volume = 6,
   number = 4,
   year = 2007
}

@inproceedings{geambasu:07,
   author = {Roxana Geambasu and Magdalena Balazinska and Steven D. Gribble and Henry M. Levy},
   title  = {{HomeViews}: Peer-to-Peer Middleware for Personal Data Sharing Applications},
   booktitle = sigmod07,
   pages = {235--246},
   month  = jun,
   year = 2007
}

@inproceedings{geambasu:07b,
 author = {Roxana Geambasu and Tanya Bragin and Jaeyeon Jung and Magdalena Balazinska},
 title  = {On-Demand View Materialization and Indexing for Network Forensic Analysis},
 booktitle = netdb07,
 month = apr,
 year = 2007
}

@article{balazinska:07b,
    author = {Magdalena Balazinska and Amol Deshpande and Michael Franklin and Philippe B. Gibbons and Jim Gray and Suman Nath and Mark Hansen and Michael Liebhold and Alexander Szalay and Vincent Tao},
    title = {Data Management in the Worldwide Sensor Web},
    journal = pervasive,
    volume = 6,
    number = 2,
    month = mar,
    year = 2007
}

@inproceedings{welbourne:07,
  author = {Evan Welbourne and Magdalena Balazinska and Gaetano Borriello and Waylon Brunette},
  title  = {Challenges for Pervasive {RFID}-based Infrastructures},
  booktitle = pertec07,
  year = 2007,
  month = mar
}

@inproceedings{balazinska:07,
  author       = {M. Balazinska and Y. Kwon and N. Kuchta and D. Lee},
  title         = {Moirae: History-Enhanced Monitoring},
  booktitle    = cidr07,
  year         = 2007,
  month        = jan
}

@incollection{cetintemel:07,
  title ={The {Aurora} and {Borealis} Stream Processing Engines},
  author = {U. Cetintemel and D. Abadi and Y. Ahmad and H. Balakrishnan and M. Balazinska and M. Cherniack and J. Hwang and W. Lindner and S. Madden and A. Maskey and A. Rasin and E. Ryvkina and M. Stonebraker and N. Tatbul and Y. Xing and S. Zdonik},
  booktitle = {Data Stream Management: Processing High-Speed Data Streams},
  editor = {M. Garofalakis and J. Gehrke and R. Rastogi},
  publisher = {Springer},
  year = {2007}
}

% --------------------------------------------------
% 2006 and older
% --------------------------------------------------

@inproceedings{khoussainova:06,
   author = {N. Khoussainova and M. Balazinska and D. Suciu},
   title  = {Towards Correcting Input Data Errors Probabilistically Using Integrity Constraints},
   booktitle = mobide06,
   month  = jun,
   year = 2006
}

@inproceedings{balazinska:05,
   author = {M. Balazinska and H. Balakrishnan and S. Madden and M. Stonebraker},
   title  = {Fault-Tolerance in the {Borealis} Distributed Stream Processing System},
   booktitle = sigmod05,
   pages = {13--24},
   month  = jun,
   year = 2005
}


@article{zdonik:03,
    author = {S. Zdonik and M. Stonebraker and M. Cherniack and U. \c{C}etintemel and M. Balazinska and H. Balakrishnan},
    title = {The {Aurora} and {Medusa} Projects},
    journal = debi,
    volume = 26,
    number = 1,
    month = mar,
    year = 2003
}


@article{balakrishnan:04,
    author = {H. Balakrishnan and M. Balazinska and D. Carney and U. \c{C}etintemel and M. Cherniack and C. Convey and E. Galvez and J. Salz and M. Stonebraker and N. Tatbul and R. Tibbets and S. Zdonik},
    title = {Retrospective on {A}urora},
    journal = vldbj,
    volume = 13,
    number = 4,
    month = dec,
    pages = {370--383},
    year = 2004
}


@inproceedings{abadi:05,
   author       = {D. Abadi and Y. Ahmad and M. Balazinska and  U. \c{C}etintemel and M. Cherniack and J. Hwang and W. Lindner and A. Maskey and A. Rasin and E. Ryvkina and N. Tatbul and Y. Xing and S. Zdonik},
  title         = {The Design of the {B}orealis Stream Processing Engine},
  booktitle    = cidr05,
  year         = 2005,
  month        = jan,
}


@InProceedings{hwang:05,
  AUTHOR        = {J. Hwang and M. Balazinska and A.
                  Rasin and U. \c{C}etintemel and M. Stonebraker
                  and S. Zdonik},
  TITLE         = {High-Availability Algorithms for Distributed Stream Processing},
  BOOKTITLE     = icde05,
  MONTH         = apr,
  YEAR          = 2005
}



@inproceedings{balazinska:04,
   author = {M. Balazinska and  H. Balakrishnan and M. Stonebraker},
   title  = {Contract-Based Load Management in Federated Distributed Systems},
   booktitle = nsdi04,
   month  = mar,
   year = 2004
}

@inproceedings{balazinska:03,
   author =       {M. Balazinska and P. Castro},
   title =        {Characterizing Mobility and Network Usage in a Corporate Wireless Local-Area Network},
   booktitle =    mobisys03,
   year =         2003,
   month =        may
}


@inproceedings{feamster:03,
   author =  {N. Feamster and M. Balazinska and W. Wang and H. Balakrishnan and D. Karger},
   title =    {Thwarting {W}eb Censorship with Untrusted Messenger Discovery},
   booktitle =    {3rd Workshop on Privacy Enhancing Technologies},
   year =         2003,
   month =        mar
}


@inproceedings{cherniack:03,
   author = {M. Cherniack and  H. Balakrishnan and  M. Balazinska and D. Carney and  U. \c{C}etintemel  and  Y. Xing and S. Zdonik},
   title  = {Scalable Distributed Stream Processing},
   booktitle = cidr03,
   month  = jan,
   year = 2003
}


@techreport{hwang:03,
   author      = {J. Hwang and M. Balazinska and A.
                  Rasin and U. \c{C}etintemel and M. Stonebraker
                  and S. Zdonik},
   title       = {{A Comparison of Stream-Oriented High-Availability
                  Algorithms}},
   year        = 2003,
   institution = {Department of Computer Science, Brown University},
   month       = oct,
   number      = {CS-03-17}
}



@inproceedings{balazinska:02,
   author =       {M. Balazinska and H. Balakrishnan and D. Karger},
   title =        {{INS/Twine}: A Scalable Peer-to-Peer Architecture for Intentional Resource Discovery},
   booktitle =    {Proc. of the Int. Conference on Pervasive Computing (\textbf{Pervasive})},
   year =         2002,
   month =        aug
}

@inproceedings{feamster:02,
   author =       {N. Feamster and M. Balazinska and G. Harfst and H. Balakrishnan and D. Karger},
   title =        {Infranet: Circumventing {W}eb Censorship and Surveillance},
   booktitle =    usenix02,
   year =         2002,
   note =         {\textbf{Best student paper award}},
   month =        aug
}

@mastersthesis{balazinska:99c,
   author = {M. Balazinska},
   title = {Reconception de syst\`emes orient\'es-objet bas\'ee sur l'analyse des clones ({O}bject-oriented system redesignbased on clone analysis)},
   school = {\'Ecole Polytechnique de Montr\'eal},
   month = nov,
   year = 1999
}

@phdthesis{balazinska:06,
   author = {M. Balazinska},
   title = {Fault-Tolerance and Load Management in a Distributed Stream Processing System},
   school = {Massachusetts Institute of Technology},
   month = feb,
   year = 2006
}


@inproceedings{balazinska:00,
   author =       {M. Balazinska and E. Merlo and M. Dagenais and B. Lague and K. Kontogiannis},
   title =        {Advanced Clone Analysis to Support Object-Oriented System Refactoring},
   booktitle =    {Proc. of the 7th Working Conference on Reverse Engineering (\textbf{WCRE})},
   year =         2000,
   month =        nov,
   note =         {\textbf{10-year most influential paper award}}
}

@inproceedings{balazinska:99b,
   author =       {M. Balazinska and E. Merlo and M. Dagenais and B. Lague and K. Kontogiannis},
   title =        {Partial Redesign of Java Software Systems Based on Clone Analysis},
   booktitle =    {Proc. of the 6th Working Conference on Reverse Engineering (\textbf{WCRE})},
   year =         1999,
   month =        oct
}


@inproceedings{balazinska:99,
   author =       {M. Balazinska and E. Merlo and M. Dagenais and B. Lague and K. Kontogiannis},
   title =        {Measuring Clone Based Reengineering Opportunities},
   booktitle =    {Proc. of the Sixth Int. Symposium on Software Metrics (\textbf{METRICS})},
   year =         1999,
   month =        nov
}

@article{moritz:15,
 title = {Perfopticon: Visual Query Analysis for Distributed Databases},
 author = {Dominik Moritz and others},
 journal = {Computer Graphics Forum (Proc. EuroVis)},
 year = {2015},
 volume = {34},
 number = {3},
 url = {http://idl.cs.washington.edu/papers/perfopticon},
}

% Others

@article{Graefe:1994:VEP:627290.627558,
 author = {Goetz Graefe},
 title = {Volcano: An Extensible and Parallel Query Evaluation System},
 journal = {IEEE TKDE},
 volume = {6},
 number = {1},
 month = feb,
 year = {1994},
 pages = {120--135},
} 

@article{stonebraker2013intel,
  title={Intel big data science and technology center vision and execution plan},
  author={Stonebraker, Michael and Madden, Sam and Dubey, Pradeep},
  journal={ACM SIGMOD Record},
  volume={42},
  number={1},
  pages={44--49},
  year={2013},
  publisher={ACM}
}

@article{satyanarayan2017vegalite,
  title={Vega-Lite: A Grammar of Interactive Graphics},
  author={Arvind Satyanarayan and Dominik Moritz and Kanit Wongsuphasawat and Jeffrey Heer},
  journal={IEEE transactions on visualization and computer graphics},
  year={2017},
  publisher={IEEE}
}

%  volume={22},
%  number={1},
%  pages={51--60},

@inproceedings{kluyver2016jupyter,
  title={Jupyter Notebooks - a publishing format for reproducible computational workflows},
  author={Thomas Kluyver and others},
  booktitle={ELPUB 2016},
}

@article{Ailamaki:2002:DPL:641268.641271,
 author = {Anastassia Ailamaki and others},
 title = {Data Page Layouts for Relational Databases on Deep Memory Hierarchies},
 journal = {The VLDB Journal},
 issue_date = {November 2002},
 volume = {11},
 number = {3},
 month = nov,
 year = {2002},
 pages = {198--215}
} 







@InProceedings{hutchison2016graphuloalg,
  author = {Hutchison, Dylan and Kepner, Jeremy and Gadepally, Vijay and Howe, Bill},
  title = {From {NoSQL} {A}ccumulo to {NewSQL} {G}raphulo: Design and Utility of Graph Algorithms inside a {BigTable} Database},
Booktitle                = {High Performance Extreme Computing Conference (HPEC)},
  year = {2016},
Organization             = {IEEE},
month = {9}
}

@InProceedings{weale2016benchmarkinggraphulo,
  author = {Weale, Timothy and Gadepally, Vijay and Hutchison, Dylan and Kepner, Jeremy},
  title = {Benchmarking the {G}raphulo Processing Framework},
Booktitle                = {High Performance Extreme Computing Conference (HPEC)},
  year = {2016},
Organization             = {IEEE},
month = {9}
}



@InProceedings{hutchison2015graphulo,
  author = {Hutchison, Dylan and Kepner, Jeremy and Gadepally, Vijay and Fuchs, Adam},
  title = {Graphulo Implementation of Server-Side Sparse Matrix Multiply in the {A}ccumulo Database},
Booktitle                = {High Performance Extreme Computing Conference (HPEC)},
  year = {2015},
Organization             = {IEEE},
month = {9}
}


@InProceedings{kepner2016mathblas,
  author = {Kepner, Jeremy and Aaltonen, Peter and Bader, David and Bulu{\c{c}}, Ayd{\i}n and Franchetti, Franz and Gilbert, John and Hutchison, Dylan and Kumar, Manoj and Lumsdaine, Andrew and Meyerhenke, Henning and McMillan,  Scott and Moreira, Jose and Owens, John D. and Yang, Carl and Zalewski, Marcin and Mattson, Timothy},
  title = {Mathematical Foundations of the {GraphBLAS}},
Booktitle                = {High Performance Extreme Computing Conference (HPEC)},
  year = {2016},
Organization             = {IEEE},
month = {9}
}

@InProceedings{kepner2013d4m,
  Title                    = {{D4M} 2.0 schema: A general purpose high performance schema for the Accumulo database},
  Author                   = {Kepner, Jeremy and Anderson, Christian and Arcand, William and Bestor, David and Bergeron, Bill and Byun, Chansup and Hubbell, Matthew and Michaleas, Peter and Mullen, Julie and O'Gwynn, David and others},
  Booktitle                = {High Performance Extreme Computing Conference (HPEC)},
  Year                     = {2013},
  Organization             = {IEEE}, 

} %  Pages                    = {1--6},

@InProceedings{kepner2012dynamic,
  Title                    = {Dynamic distributed dimensional data model ({D4M}) database and computation system},
  Author                   = {Kepner, Jeremy and Arcand, William and Bergeron, William and Bliss, Nadya and Bond, Robert and Byun, Chansup and Condon, Gary and Gregson, Kenneth and Hubbell, Matthew and Kurz, Jonathan and others},
  Booktitle                = {International Conference on Acoustics, Speech and Signal Processing (ICASSP)},
  Year                     = {2012},
  Organization             = {IEEE},
  Pages                    = {5349--5352},

}

@misc{MTJ,
  title = {Matrix Toolkits Java},
  howpublished = {\url{https://github.com/fommil/matrix-toolkits-java}}
}

@misc{presto,
  title = {Presto},
  howpublished = {\url{https://prestodb.io}}
}

@article{dean2008mapreduce,
  title={MapReduce: simplified data processing on large clusters},
  author={Dean, Jeffrey and Ghemawat, Sanjay},
  journal={Communications of the ACM},
  volume={51},
  number={1},
  pages={107--113},
  year={2008},
  publisher={ACM}
}

@article{zaharia2010spark,
  title={Spark: cluster computing with working sets.},
  author={Zaharia, Matei and Chowdhury, Mosharaf and Franklin, Michael J and Shenker, Scott and Stoica, Ion},
  journal={HotCloud},
  volume={10},
  pages={10--10},
  year={2010}
}

@article{bader2006designing,
  title={Designing scalable synthetic compact applications for benchmarking high productivity computing systems},
  author={Bader, D and Madduri, Kamesh and Gilbert, J and Shah, Viral and Kepner, Jeremy and Meuse, Theresa and Krishnamurthy, Ashok},
  journal={Cyberinfrastructure Technology Watch},
  volume={2},
  pages={1--10},
  year={2006}
}

@inproceedings{gadepally2015using,
  title={Using a Power Law distribution to describe big data},
  author={Gadepally, Vijay and Kepner, Jeremy},
  booktitle={High Performance Extreme Computing Conference (HPEC)},
  year={2015},
  organization={IEEE}
}

@article{chang2008bigtable,
  title={Bigtable: A distributed storage system for structured data},
  author={Chang, Fay and Dean, Jeffrey and Ghemawat, Sanjay and Hsieh, Wilson C and Wallach, Deborah A and Burrows, Mike and Chandra, Tushar and Fikes, Andrew and Gruber, Robert E},
  journal={ACM Transactions on Computer Systems (TOCS)},
  volume={26},
  number={2},
  pages={4},
  year={2008},
  publisher={ACM}
}


@InProceedings{gadepally2015gabb,
  Title                    = {Graphulo: Linear Algebra Graph Kernels for {NoSQL} Databases},
  Author                   = {Gadepally, Vijay and Bolewski, Jake and Hook, Dan and Hutchison, Dylan and Miller, Ben and Kepner, Jeremy},
  Booktitle                = {International Parallel \& Distributed Processing Symposium Workshops},
  Year                     = {2015},
  Organization             = {IEEE}
}
% (IPDPSW)

@inproceedings{stonebraker2005one,
  title={One size fits all: an idea whose time has come and gone},
  author={Stonebraker, Michael and {\c{C}}etintemel, U{\u{g}}ur},
  booktitle={International Conference on Data Engineering (ICDE)},
  pages={2--11},
  year={2005},
  organization={IEEE}
}


@article{cattell2011scalable,
  title={Scalable SQL and NoSQL data stores},
  author={Cattell, Rick},
  journal={Acm Sigmod Record},
  volume={39},
  number={4},
  pages={12--27},
  year={2011},
  publisher={ACM}
}

@article{sigelman2010dapper,
  title={Dapper, a large-scale distributed systems tracing infrastructure},
  author={Sigelman, Benjamin H and Barroso, Luiz Andre and Burrows, Mike and Stephenson, Pat and Plakal, Manoj and Beaver, Donald and Jaspan, Saul and Shanbhag, Chandan},
  year={2010}
}

@misc{htrace,
  key = {htrace},
  title = {Apache {HTrace}},
  howpublished = {\url{https://htrace.incubator.apache.org/}}
}

@inproceedings{wolf2015task,
  title={A task-based linear algebra Building Blocks approach for scalable graph analytics},
  author={Wolf, Michael M and Berry, Jonathan W and Stark, Dylan T},
  booktitle={High Performance Extreme Computing Conference (HPEC)},
  year={2015},
  organization={IEEE}
}

@inproceedings{gadepally2014big,
  title={Big data dimensional analysis},
  author={Gadepally, Vijay and Kepner, Jeremy},
  booktitle={High Performance Extreme Computing Conference (HPEC)},
  pages={1--6},
  year={2014},
  organization={IEEE}
}

@inproceedings{maas2015gaussian,
  title={Gaussian mixture models use-case: in-memory analysis with myria},
  author={Maas, Ryan and Hyrkas, Jeremy and Telford, Olivia Grace and Balazinska, Magdalena and Connolly, Andrew and Howe, Bill},
  booktitle={Proceedings of the 3rd VLDB Workshop on In-Memory Data Mangement and Analytics},
  year={2015},
  organization={ACM}
}

@inproceedings{elgamal2017spoof,
  title={SPOOF: Sum-Product Optimization and Operator Fusion for Large-Scale Machine Learning},
  author={Elgamal, Tarek and Luo, Shangyu and Boehm, Matthias and Evfimievski, Alexandre V and Tatikonda, Shirish and Reinwald, Berthold and Sen, Prithviraj},
  booktitle = {Conference on Innovative Data Systems Research (CIDR)},
  month = jan,
  year = 2017
}

@inproceedings{palkar2017weld,
  title={Weld: A Common Runtime for High Performance Data Analytics},
  author={Palkar, Shoumik and Thomas, James J and Shanbhag, Anil and Narayanan, Deepak and Pirk, Holger and Schwarzkopf, Malte and Amarasinghe, Saman and Zaharia, Matei and InfoLab, Stanford},
  booktitle = {Conference on Innovative Data Systems Research (CIDR)},
  month = jan,
  year = 2017
}

@inproceedings{kunft2016bridging,
  title={Bridging the gap: towards optimization across linear and relational algebra},
  author={Kunft, Andreas and Alexandrov, Alexander and Katsifodimos, Asterios and Markl, Volker},
  booktitle={Proceedings of the 3rd SIGMOD Workshop on Algorithms and Systems for MapReduce and Beyond},
  year={2016},
  organization={ACM}
}

@article{codd1972further,
  title={Further normalization of the data base relational model},
  author={Codd, Edgar F},
  journal={Database systems},
  pages={33--64},
  year={1972},
  publisher={Prentice-Hall}
}

@misc{kepner2017mathematics,
  title={Mathematics of big data: Spreadsheets, databases, matrices, and graphs},
  author={Kepner, Jeremy and Jansen, Hayden},
  year={2017},
  publisher={SIAM Press \& MIT Press, in preparation}
}

@Article{kepner2015unified,
  Title                    = {Associative Arrays: Unified Mathematics for Spreadsheets, Databases,
 Matrices, and Graphs},
  Author                   = {Jeremy Kepner and
 Julian Chaidez and
 Vijay Gadepally and
 Hayden Jansen},
  Journal                  = {CoRR},
  Year                     = {2015},
  Volume                   = {abs/1501.05709},

  Bibsource                = {dblp computer science bibliography, http://dblp.org},
  Biburl                   = {http://dblp.uni-trier.de/rec/bib/journals/corr/KepnerCGJ15},
  Timestamp                = {Mon, 02 Feb 2015 14:12:25 +0100}
}
%,  Url                      = {http://arxiv.org/abs/1501.05709}

@article{gray1997data,
  title={Data cube: A relational aggregation operator generalizing group-by, cross-tab, and sub-totals},
  author={Gray, Jim and Chaudhuri, Surajit and Bosworth, Adam and Layman, Andrew and Reichart, Don and Venkatrao, Murali and Pellow, Frank and Pirahesh, Hamid},
  journal={Data mining and knowledge discovery},
  volume={1},
  number={1},
  pages={29--53},
  year={1997},
  publisher={Springer}
}

@Article{buneman1995principles,
  Title                    = {Principles of programming with complex objects and collection types},
  Author                   = {Buneman, Peter and Naqvi, Shamim and Tannen, Val and Wong, Limsson},
  Journal                  = {Theoretical Computer Science},
  Year                     = {1995},
  Number                   = {1},
  Pages                    = {3--48},
  Volume                   = {149},
  Publisher                = {Elsevier}
}

@InProceedings{kepner2016assocdb,
  author = {Kepner, Jeremy and Gadepally, Vijay and Hutchison, Dylan and Jananthan, Hayden and Mattson, Timothy and Samsi, Siddharth and Reuther, Albert},
  title = {Associative Array Model of {SQL}, {NoSQL}, and {NewSQL} Databases},
Booktitle                = {High Performance Extreme Computing Conference (HPEC)},
  year = {2016},
Organization             = {IEEE},
month = {9},
doi = {10.1109/HPEC.2016.7761647}
}
%eprint = {1606.05797},
%eprintclass = {cs.DB},
%eprinttype = {arxiv}

@inproceedings{burkhardt2015cloud,
  title={A Cloud-based approach to Big Graphs},
  author={Burkhardt, Paul and Waring, Christopher A},
  booktitle={High Performance Extreme Computing Conference (HPEC)},
  year={2015},
  organization={IEEE}
}

@article{thusoo2009hive,
  title={Hive: a warehousing solution over a map-reduce framework},
  author={Thusoo, Ashish and Sarma, Joydeep Sen and Jain, Namit and Shao, Zheng and Chakka, Prasad and Anthony, Suresh and Liu, Hao and Wyckoff, Pete and Murthy, Raghotham},
  journal={Proceedings of the VLDB Endowment},
  volume={2},
  number={2},
  pages={1626--1629},
  year={2009},
  publisher={VLDB Endowment}
}

@inproceedings{seo2010hama,
  title={Hama: An efficient matrix computation with the mapreduce framework},
  author={Seo, Sangwon and Yoon, Edward J and Kim, Jaehong and Jin, Seongwook and Kim, Jin-Soo and Maeng, Seungryoul},
  booktitle={Cloud Computing Technology and Science (CloudCom)},
  pages={721--726},
  year={2010},
  organization={IEEE}
}

@inproceedings{ghoting2011systemml,
  title={SystemML: Declarative machine learning on MapReduce},
  author={Ghoting, Amol and Krishnamurthy, Rajasekar and Pednault, Edwin and Reinwald, Berthold and Sindhwani, Vikas and Tatikonda, Shirish and Tian, Yuanyuan and Vaithyanathan, Shivakumar},
  booktitle={International Conference on Data Engineering (ICDE)},
  pages={231--242},
  year={2011},
  organization={IEEE}
}

@inproceedings{fegaras2012optimization,
  title={An optimization framework for map-reduce queries},
  author={Fegaras, Leonidas and Li, Chengkai and Gupta, Upa},
  booktitle={Proceedings of the 15th International Conference on Extending Database Technology},
  pages={26--37},
  year={2012},
  organization={ACM}
}

@book{obe2015postgresql,
  title={PostgreSQL: Up and Running: A Practical Introduction to the Advanced Open Source Database},
  author={Obe, Regina O and Hsu, Leo S},
  year={2015},
  publisher={O'Reilly Media, Inc.}
}

@article{galhardas2001declarative,
  title={Declarative data cleaning: Language, model, and algorithms},
  author={Galhardas, Helena and Florescu, Daniela and Shasha, Dennis and Simon, Eric and Saita, Cristian},
  year={2001},
  journal = pvldb
}

@article{wang2017myria,
  title={The Myria Big Data Management and Analytics System and Cloud Service},
  author={Wang, Jingjing and Baker, Tobin and Balazinska, Magdalena and Halperin, Daniel and Haynes, Brandon and Howe, Bill and Hutchison, Dylan and Jain, Shrainik and Maas, Ryan and Mehta, Parmita and others},
  booktitle = {Conference on Innovative Data Systems Research (CIDR)},
  month = jan,
  year = 2017
}

@inproceedings{carreira2005extending,
  title={Extending Relational Algebra to express one-to-many data transformations.},
  author={Carreira, Paulo JF and Galhardas, Helena and Lopes, Ant{\'o}nia and Pereira, Jo{\~a}o LM},
  booktitle={SBBD},
  pages={145--159},
  year={2005}
}

@inproceedings{fabregat2012domain,
  title={A domain-specific compiler for linear algebra operations},
  author={Fabregat-Traver, Diego and Bientinesi, Paolo},
  booktitle={International Conference on High Performance Computing for Computational Science},
  pages={346--361},
  year={2012},
  organization={Springer}
}

@article{aji2000generalized,
  title={The generalized distributive law},
  author={Aji, Srinivas M and McEliece, Robert},
  journal={Transactions on Information Theory},
  volume={46},
  number={2},
  pages={325--343},
  year={2000},
  publisher={IEEE}
}
% J

@article{rheinlander2015sofa,
  title={{SOFA}: An extensible logical optimizer for UDF-heavy data flows},
  author={Rheinl{\"a}nder, Astrid and Heise, Arvid and Hueske, Fabian and Leser, Ulf and Naumann, Felix},
  journal={Information Systems},
  volume={52},
  pages={96--125},
  year={2015},
  publisher={Elsevier}
}

@inproceedings{crotty2015tupleware,
  title={Tupleware: ``Big'' Data, Big Analytics, Small Clusters.},
  author={Crotty, Andrew and Galakatos, Alex and Dursun, Kayhan and Kraska, Tim and Cetintemel, Ugur and Zdonik, Stanley B},
  booktitle={Conference on Innovative Data Systems Research (CIDR)},
  year={2015}
}

@article{crotty2015architecture,
  title={An architecture for compiling udf-centric workflows},
  author={Crotty, Andrew and Galakatos, Alex and Dursun, Kayhan and Kraska, Tim and Binnig, Carsten and Cetintemel, Ugur and Zdonik, Stan},
  journal={Proceedings of the VLDB Endowment},
  volume={8},
  number={12},
  pages={1466--1477},
  year={2015},
  publisher={VLDB Endowment}
}

@article{hutchison2016lara,
  title={Lara: A Key-Value Algebra underlying Arrays and Relations},
  author={Hutchison, Dylan and Howe, Bill and Suciu, Dan},
  journal={arXiv preprint arXiv:1604.03607},
  year={2016}
}

@inproceedings{stonebraker2011architecture,
  title={The architecture of {SciDB}},
  author={Stonebraker, Michael and Brown, Paul and Poliakov, Alex and Raman, Suchi},
  booktitle={International Conference on Scientific and Statistical Database Management},
  pages={1--16},
  year={2011},
  organization={Springer}
}

@inproceedings{buluc2008representation,
  title={On the representation and multiplication of hypersparse matrices},
  author={Buluc, Aydin and Gilbert, John R},
  booktitle={International Symposium on Parallel and Distributed Processing (IPDPS)},
  pages={1--11},
  year={2008},
  organization={IEEE}
}

@misc{arrayOfThings,
  key={arrayOfThings},
  title = {Array of Things},
  howpublished = {\url{https://arrayofthings.github.io/}}
}

@inproceedings{hua1991handling,
  title={Handling Data Skew in Multiprocessor Database Computers Using Partition Tuning},
  author={Hua, Kien A and Lee, Chiang},
  booktitle={VLDB},
  pages={525--535},
  year={1991},
  organization={Citeseer}
}

@article{hellerstein2012madlib,
  title={The MADlib analytics library: or MAD skills, the SQL},
  author={Hellerstein, Joseph M and R{\'e}, Christoper and Schoppmann, Florian and Wang, Daisy Zhe and Fratkin, Eugene and Gorajek, Aleksander and Ng, Kee Siong and Welton, Caleb and Feng, Xixuan and Li, Kun and others},
  journal={Proceedings of the VLDB Endowment},
  volume={5},
  number={12},
  pages={1700--1711},
  year={2012},
  publisher={VLDB Endowment}
}

@article{meng2016mllib,
  title={Mllib: Machine learning in apache spark},
  author={Meng, Xiangrui and Bradley, Joseph and Yavuz, Burak and Sparks, Evan and Venkataraman, Shivaram and Liu, Davies and Freeman, Jeremy and Tsai, DB and Amde, Manish and Owen, Sean and others},
  journal={Journal of Machine Learning Research},
  volume={17},
  number={34},
  pages={1--7},
  year={2016}
}

@misc{flume,
  key={flume},
  title = {Apache Flume},
  howpublished = {\url{https://flume.apache.org/}}
}

@article{alexandrov2014stratosphere,
  title={The stratosphere platform for big data analytics},
  author={Alexandrov, Alexander and Bergmann, Rico and Ewen, Stephan and Freytag, Johann-Christoph and Hueske, Fabian and Heise, Arvid and Kao, Odej and Leich, Marcus and Leser, Ulf and Markl, Volker and others},
  journal={The VLDB Journal},
  volume={23},
  number={6},
  pages={939--964},
  year={2014},
  publisher={Springer}
}

@article{chaiken2008scope,
  title={SCOPE: easy and efficient parallel processing of massive data sets},
  author={Chaiken, Ronnie and Jenkins, Bob and Larson, Per-{\AA}ke and Ramsey, Bill and Shakib, Darren and Weaver, Simon and Zhou, Jingren},
  journal={Proceedings of the VLDB Endowment},
  volume={1},
  number={2},
  year={2008},
  publisher={VLDB Endowment}
}
% pages={1265--1276},

@Article{spight2006first,
  Title                    = {First steps in relational lattice},
  Author                   = {Spight, Marshall and Tropashko, Vadim},
  Journal                  = {arXiv preprint cs/0603044},
  Year                     = {2006}
}

@techreport{marker2015dxter,
  title={DxTer: An extensible tool for optimal dataflow program generation},
  author={Marker, Bryan and Schatz, Martin and Matthews, Devin and Dillig, Isil and van de Geijn, Robert and Batory, Don},
  year={2015},
  institution={Technical Report TR-15-03, The University of Texas at Austin}
}

